=LDR  04986 as a2201129 a 4500
=001  012432824
=003  Uk
=005  20210216150748.0
=006  m\\\\\o\\d\\\\\\\\
=007  cr\cnu||||||||
=008  040410c19719999xxutr\p\o\\\\\0\\\a0eng\\
=015  \\$aGBB350482$2bnb
=019  c\$a102066115
=022  0\$a1475-6757$l0013-8312$y0013-8312
=037  \\$aISSN_00138312$bPortico$nWiley
=040  \\$aUk$beng$cUk$dUk
=042  \\$aukblsr
=082  0\$a820.9002
=130  0\$aEnglish literary renaissance (Online)
=210  0\$aEngl. lit. renaiss.$b(Online)
=222  \0$aEnglish literary renaissance$b(Online)
=245  10$aEnglish literary renaissance$h[electronic resource].
=260  \\$aOxford, England ;$aMalden, Mass. :$bBlackwell
=264  31$aChicago :$bUniversity of Chicago Press
=310  \\$aThree issues yearly
=336  \\$atext$2rdacontent
=337  \\$acomputer$2rdamedia
=338  \\$aonline resource$2rdacarrier
=362  1\$aPrint began with vol. 1 (winter 1971).
=538  \\$aMode of access: World Wide Web.
=540  \\$aCurrent copyright fee: GBP24.00$c35\0$5Uk
=540  \\$aCurrent copyright fee: GBP32.00$c35\0$5Uk
=588  \\$aLatest issue consulted: Volume 47, number 3 (Autumn 2017); pdf viewed February 12 2018.
=650  \0$aEnglish literature$yEarly modern, 1500-1700$vPeriodicals.
=650  \0$aEnglish literature$yEarly modern, 1500-1700$xHistory and criticism$vPeriodicals.
=776  08$iPrint version:$tEnglish literary renaissance$x0013-8312
=852  \\$aBritish Library$bHMNTS
=852  41$aBritish Library$bHMNTS$jELD Digital store$3Volume 43:Number 1(2013:Winter)-Volume 46:Number 3(2016)***Previous issues available in print copy
=852  41$aBritish Library$bDSC$j3775.065000$3Volume 12:Number 1(1982)-Volume 44:Issue 3(2014)***See ESTAR for full holdings.
=856  40$uhttp://www.journals.uchicago.edu/toc/elr/current
=856  \\$31850-9999$uhttp://onlinelibrary.wiley.com/$xBLDSS
=856  40$uhttp://www.blackwellpublishing.com/journal.asp?ref=0013-8312&site=1
=859  \\$aELD$bejournal
=945  \\$aEnglish literary renaissance
=959  \\$fHeld but not currently received
=963  \\$aVOL. 1, 1971- *A=1$bY$cP718.C.244
=985  \\$aISSN transferred from ISSN UK to US ISSN Center, 15.02.2018.
=A02  \\$a102066115
=ACF  \\$aPrevious copyright fee: GBP16.00$c10\0$e01-jan-2006$fGBP16.00$g0$hP$5Uk
=ACF  \\$aPrevious copyright fee: GBP15.00$c10\0$e01-apr-2004$fGBP15.00$g0$hP$5Uk
=ACF  \\$aCurrent copyright fee: GBP13.00$c10\0$e01-apr-2003$fGBP13.00$g0$hP$5Uk
=ACF  \\$aCurrent copyright fee: GBP13.00$c10\6$e01-apr-2002$fGBP13.00$g0$hP$5Uk
=ACF  \\$aPrevious copyright fee: GBP17.00$c10\0$e01-jan-2009$fGBP17.00$g0$hP$5Uk
=ACF  \\$aPrevious copyright fee: GBP22.00$c10\0$e01-jan-2011$fGBP22.00$g0$hP$5Uk
=ACF  \\$aPrevious copyright fee: GBP15.00$c0$e01-jan-2017$fGBP15.00$g0$hA$5Uk
=ACF  \\$aPrevious copyright fee: GBP24.00$c10\0$e01-mar-2015$fGBP24.00$g0$hP$5Uk
=ACF  \\$aPrevious copyright fee: GBP24.00$c35\0$e24-jan-2017$fGBP24.00$g0$hP$5Uk
=CAT  \\$aCONV$b00$c20040425$lBLL90$h0712
=CAT  \\$aWR13.114$c20130717$lBLL01$h1312
=CAT  \\$aBATCH-PORT$c20130829$lBLL01$h1113
=CAT  \\$aBATCH-CLA$b00$c20140125$lBLL01$h1254
=CAT  \\$aWR14_009$c20140204$lBLL01$h2344
=CAT  \\$aBATCH-CLA$c20140225$lBLL01$h2319
=CAT  \\$aBLDSS-3PM$b00$c20141214$lBLL01$h1521
=CAT  \\$aBATCH-UPD$b00$c20150215$lBLL01$h1623
=CAT  \\$aIPL-CLA$c20150228$lBLL01$h2046
=CAT  \\$aCDS15-UPD$b40$c20150918$lBLL01$h1639
=CAT  \\$aBATCH-UPD$b40$c20160606$lBLL01$h0401
=CAT  \\$a5552$b40$c20161201$lBLL01$h1047
=CAT  \\$aIPL-CLA$c20161230$lBLL01$h2113
=CAT  \\$aDEL-3PM$c20170105$lBLL01$h1153
=CAT  \\$a5552$b40$c20170124$lBLL01$h0932
=CAT  \\$aBLDSS-3PM$b00$c20170203$lBLL01$h1649
=CAT  \\$aBATCH-UPD$b00$c20170203$lBLL01$h1649
=CAT  \\$aW1711-1005$c20171206$lBLL01$h1815
=CAT  \\$a11313$b40$c20180212$lBLL01$h1114
=CAT  \\$a11313$b40$c20180215$lBLL01$h1316
=CAT  \\$aBATCH-UPD$b40$c20180219$lBLL01$h1744
=CAT  \\$aBATCH-UPD$b40$c20181121$lBLL01$h1620
=CAT  \\$aIPL-CLA$c20181231$lBLL01$h1539
=CAT  \\$aBATCH-UPD$b00$c20200219$lBLL01$h1540
=CAT  \\$aIPL-CLA$c20200331$lBLL01$h1612
=CAT  \\$a8250$b40$c20210216$lBLL01$h1507
=CFI  0\$aCurrent copyright fee: GBP32.00$c35\0$e01-apr-2020$fGBP32.00$g0$hP$5Uk
=CFI  2\$aPrevious copyright fee: GBP28.00$c35\0$e01-jan-2019$fGBP28.00$g0$hP$5Uk
=EST  \\$a1
=FFP  \\$aY$bBLDSS-3PM
=FIN  \\$aY
=FMT  \\$a  SE
=LAS  \\$a8250$b40$c20210216$lBLL01$h1507
=LEO  \\$aMP10.0000630094
=LKR  \\$aPAR$b007852636$lBLL01$r776$mEnglish literary renaissance (Online)$nEnglish literary renaissance
=MNI  \\$a0013-8312
=SRC  \\$aDSS01$bbibmp10.200404.2.aa
=TCO  \\$aCLA$bCLA$c008
=TOC  \\$aETOC
=UNO  \\$aY

