=LDR  04470cas a2201069 a 4500
=001  012433168
=003  Uk
=005  20191231192232.0
=006  m\\\\\o\\d\\\\\\\\
=007  cr|mnu||||||||
=008  040410c19129999enkqr\pso\\\\\0\\\a0eng\\
=FMT  \\$a  SE
=015  \\$aGBB350423$2bnb
=019  c\$a102079002
=022  0\$a1468-229X$l0018-2648$y0018-2648
=037  \\$aISSN_00182648$bPortico$nWiley
=040  \\$aUk$beng$cUk$dUk
=042  \\$aukblsr
=082  04$a905$223
=210  0\$aHistory$b(Oxf., Online)
=222  \0$aHistory$b(Oxford. Online)
=245  00$aHistory$h[electronic resource].
=260  \\$aOxford :$bBlackwell Publishers
=264  31$3<2013- >$a[Oxford, UK] :$b[Historical Association and John Wiley & Sons Ltd in partnership]
=310  \\$aQuarterly
=336  \\$atext$2rdacontent
=337  \\$acomputer$2rdamedia
=338  \\$aonline resource$2rdacarrier
=362  1\$aPrint began with vol. 1, no. 1 (Jan. 1912).
=538  \\$aMode of access: World Wide Web.
=588  \\$aLatest issue consulted: volume 102, issue 351 (July 2017) (Wiley Online, viewed July 27, 2017).
=540  \\$aCurrent Copyright Fee: GBP32.00$c35\0$5Uk
=650  \0$aHistory$vPeriodicals.
=776  08$iPrint version:$tHistory$x0018-2648
=859  \\$aELD$bejournal
=856  \\$31850-9999$uhttp://onlinelibrary.wiley.com/$xBLDSS
=856  40$uhttp://onlinelibrary.wiley.com/journal/10.1111/(ISSN)1468-229X
=852  \\$aBritish Library$bDSC
=852  41$aBritish Library$bHMNTS$jELD Digital store$3Volume 98:Issue 329(2013)-***Previous issues available in print copy
=852  41$aBritish Library$bDSC$j4317.710000$3Volume 43:Issue 147(1958)-***See ESTAR for full holdings.
=945  \\$aHistory -London then Oxford-.
=959  \\$fCurrently received
=985  \\$aISSN responsibility transferred to U.S. ISSN Center from ISSN UK Centre, Wiley, Multinational Publisher List, Summer 2017.
=A02  \\$a102079002
=CAT  \\$aCONV$b00$c20040425$lBLL90$h0713
=CAT  \\$a8874$b40$c20130522$lBLL01$h1038
=CAT  \\$aWR13.114$c20130717$lBLL01$h1312
=CAT  \\$a8323$b40$c20130805$lBLL01$h1433
=CAT  \\$aBATCH-PORT$c20130829$lBLL01$h1113
=CAT  \\$aBATCH-CLA$b00$c20140125$lBLL01$h1300
=CAT  \\$aWR14_009$c20140204$lBLL01$h2342
=CAT  \\$aBATCH-CLA$c20140225$lBLL01$h2319
=CAT  \\$aBLDSS-3PM$b00$c20141214$lBLL01$h1521
=CAT  \\$aBATCH-UPD$b00$c20150215$lBLL01$h1623
=CAT  \\$aIPL-CLA$c20150228$lBLL01$h2046
=CAT  \\$aCDS15-UPD$b40$c20150918$lBLL01$h1639
=CAT  \\$aBATCH-UPD$b40$c20160627$lBLL01$h0038
=CAT  \\$aW1703-0316$c20170306$lBLL01$h1823
=CAT  \\$aW1703-0316$c20170307$lBLL01$h1647
=CAT  \\$aIPL-CLA$c20170307$lBLL01$h1823
=CAT  \\$aISSN$b40$c20170314$lBLL01$h1646
=CAT  \\$a10973$b40$c20170727$lBLL01$h0838
=CAT  \\$aW1711-1005$c20171206$lBLL01$h1815
=CAT  \\$aBATCH-UPD$b00$c20180219$lBLL01$h1744
=CAT  \\$a8055$b40$c20180622$lBLL01$h1106
=CAT  \\$aBATCH-UPD$b40$c20181121$lBLL01$h1620
=CAT  \\$aIPL-CLA$c20181231$lBLL01$h1540
=CAT  \\$aR1911-0245$c20191127$lBLL01$h0822
=CAT  \\$aR1911-0245$c20191127$lBLL01$h1045
=CAT  \\$aIPL-CLA$c20191231$lBLL01$h1922
=CFI  0\$aCurrent Copyright Fee: GBP32.00$c35\0$e01-jan-2020$fGBP32.00$g0$hP$5Uk
=CFI  2\$aPrevious copyright fee: GBP28.00$c35\0$e01-jan-2019$fGBP28.00$g0$hP$5Uk
=EST  \\$a1
=FFP  \\$aY$bBLDSS-3PM
=FIN  \\$aY
=LEO  \\$aMP10.0000630438
=LEO  \\$aMP22.0000062419
=MNI  \\$a0018-2648
=SRC  \\$aISN01$bbibmp22.200404.2.aa
=SRC  \\$aDSS01$bbibmp10.200404.2.aa
=TCO  \\$aCLA$bCLA$c008
=TOC  \\$aETOC
=UNO  \\$aY
=ACF  \\$aPrevious Copyright Fee: GBP16.00$c10\0$e01-jan-2006$fGBP16.00$g0$hP$5Uk
=ACF  \\$aPrevious copyright fee: GBP15.00$c10\0$e01-apr-2004$fGBP15.00$g0$hP$5Uk
=ACF  \\$aCurrent copyright fee: GBP13.00$c10\0$e01-apr-2003$fGBP13.00$g0$hP$5Uk
=ACF  \\$aCurrent copyright fee: GBP13.00$c10\6$e01-apr-2002$fGBP13.00$g0$hP$5Uk
=ACF  \\$aPrevious copyright fee: GBP17.00$c10\0$e01-jan-2009$fGBP17.00$g0$hP$5Uk
=ACF  \\$aPrevious copyright fee: GBP22.00$c10\0$e01-jan-2011$fGBP22.00$g0$hP$5Uk
=ACF  \\$aPrevious copyright fee: GBP24.00$c10\0$e01-mar-2015$fGBP24.00$g0$hP$5Uk
=ACF  \\$aPrevious copyright fee: GBP24.00$c35\0$e07-mar-2017$fGBP24.00$g0$hP$5Uk
=LAS  \\$aIPL-CLA$b00$c20191231$lBLL01$h1922

