=LDR  05953cas a2201321 a 4500
=001  013357469
=003  Uk
=005  20230511162905.0
=006  m\\\\\\\\d\\\\\\\\
=007  cr||||||||||||
=008  010820c20019999enkbx\pss\\\\\0\\\a0eng\c
=FMT  \\$a  SE
=010  \\$a2001211228
=015  \\$aGBA605023$2bnb
=016  7\$a101146739$2DNLM
=019  c\$a2614560
=022  0\$a1536-7290
=037  \\$aISSN_17461391$bPortico$nTaylor & Francis
=040  \\$aNSD$beng$cNSD$dOCLCQ$dNLM$dOCLCQ$dNSD$dUk
=042  \\$aukblsr
=060  10$aW1
=082  04$a612$222
=130  0\$aEuropean journal of sport science (Online)
=210  0\$aEJSS$b(Champaign, Ill.)
=222  \0$aEJSS$b(Champaign, Ill.)
=245  10$aEuropean journal of sport science$h[electronic resource] :$bEJSS.
=246  30$aEJSS
=260  \\$a[Champaign, Ill.] :$bHuman Kinetics,$c[2001]-
=260  3\$32005-$aAbingdon :$bTaylor & Francis
=310  \\$aEight times a year,$b2014-
=321  \\$aBimonthly,$b2008-2013
=321  \\$aQuarterly,$b2005-2007
=336  \\$atext$2rdacontent
=337  \\$acomputer$2rdamedia
=338  \\$aonline resource$2rdacarrier
=362  0\$aVol. 1, issue 1 (Mar. 2001)-
=500  \\$aTitle from issue contents page (viewed June 12, 2002).
=538  \\$aMode of access: World Wide Web.
=550  \\$a"The official journal of the European College of Sport Science."
=588  \\$aLatest issue consulted: volume 16, issue 2 (2016) (Taylor & Francis Online, viewed February 29, 2016).
=540  \\$aCurrent copyright fee: GBP39.00$c2\0$5Uk
=650  \0$aSports sciences$vPeriodicals.
=650  12$aSports Medicine$vPeriodicals.
=650  22$aExercise$vPeriodicals.
=650  22$aSports$vPeriodicals.
=710  2\$aEuropean College of Sport Science.
=776  08$iPrint version, 2005-:$tEuropean journal of sport science$x1746-1391
=856  \\$31850-9999$uhttp://www.tandfonline.com/$xBLDSS
=856  40$uhttp://www.tandfonline.com/toc/tejs20/current
=859  \\$aELD$bejournal
=852  41$aBritish Library$bDSC$j3829.744400$3Volume 6:Issue 1(2006)-Volume 11:Issue 6(2011)***See ESTAR for full holdings.
=852  41$aBritish Library$bHMNTS$jELD Digital store$3Volume 16:Issue 1(2016)-***Previous issues available in print copy
=852  41$aBritish Library$bSTI
=945  \\$aEuropean journal of sport science
=959  \\$fHeld but not currently received
=985  \\$aResponsibility for ISSN taken by ISSN UK Centre from ISSN US Centre, 17/10/05.
=985  \\$aISSN responsibility transferred from ISSN UK Centre to U.S. ISSN Center Taylor & Francis, Multinational Publisher List, Summer 2016
=CAT  \\$a11187$b40$c20051209$lBLL01$h1831
=CAT  \\$aBLDSS-3PM$b00$c20141130$lBLL01$h1248
=CAT  \\$aIPL-CLA$c20141231$lBLL01$h1653
=CAT  \\$aBATCH-UPD$b00$c20151119$lBLL01$h1543
=CAT  \\$aIPL-CLA$c20151231$lBLL01$h1923
=CAT  \\$a8464$b40$c20160120$lBLL01$h1442
=CAT  \\$a8464$b40$c20160204$lBLL01$h1407
=CAT  \\$a11205$b40$c20160229$lBLL01$h1635
=CAT  \\$a11205$b40$c20160229$lBLL01$h1639
=CAT  \\$a11205$b40$c20160229$lBLL01$h1641
=CAT  \\$aBATCH-UPD$b40$c20160605$lBLL01$h0004
=CAT  \\$aW1607-0553$c20160818$lBLL01$h0910
=CAT  \\$aW1607-0553$c20160818$lBLL01$h0915
=CAT  \\$aBATCH-UPD$b00$c20161122$lBLL01$h1512
=CAT  \\$aIPL-CLA$c20161230$lBLL01$h2149
=CAT  \\$aBATCH-UPD$b00$c20171121$lBLL01$h1647
=CAT  \\$aW1711-1005$c20171206$lBLL01$h1818
=CAT  \\$aIPL-CLA$c20171231$lBLL01$h1649
=CAT  \\$aBATCH-UPD$b00$c20181217$lBLL01$h1638
=CAT  \\$aIPL-CLA$c20181231$lBLL01$h1543
=CAT  \\$aBATCH-UPD$b00$c20191122$lBLL01$h1900
=CAT  \\$aIPL-CLA$c20191231$lBLL01$h1937
=CAT  \\$aBATCH-UPD$b00$c20201118$lBLL01$h1334
=CAT  \\$aIPL-CLA$c20201231$lBLL01$h1529
=CAT  \\$a5552$b40$c20210209$lBLL01$h0850
=CAT  \\$aBATCH-FIX$c20230511$lBLL01$h1629
=CFI  0\$aCurrent copyright fee: GBP39.00$c2\0$e09-feb-2021$fGBP39.00$g0$hP$5Uk
=CFI  2\$aPrevious copyright fee: GBP35.00$c2\0$e01-jan-2021$fGBP35.00$g0$hP$5Uk
=EST  \\$a1
=FFP  \\$aY$bBLDSS-3PM
=FIN  \\$aY$d20051209
=LEO  \\$aMP10.0000219334
=LET  \0$aEuropean journal of sport science (Electronic)
=LKR  \\$aPAR$b013079348$lBLL01$nEuropean journal of sport science (Print)$mEuropean journal of sport science (Online)$r776
=MNI  \\$a1746-1391
=SID  \\$aZ39$bOCLC
=SRC  \\$aDSS01$bbibmp10.200404.2.aa
=SRC  \\$aDSS03$bbibsr.200404.2.aa
=TCO  \\$aCLA$bCLA$c008
=TOC  \\$aETOC
=ACF  \\$aPrevious copyright fee: GBP34.00$c2\0$e01-jan-2020$fGBP34.00$g0$hP$5Uk
=ACF  \\$aPrevious copyright fee: GBP17.00$c2\0$e01-jan-2010$fGBP17.00$g0$hP$5Uk
=ACF  \\$aPrevious copyright fee: GBP16.00$c2\0$e01-jan-2009$fGBP16.00$g0$hP$5Uk
=ACF  \\$aPrevious copyright fee: GBP15.00$c2\0$e01-apr-2008$fGBP15.00$g0$hP$5Uk
=ACF  \\$aPrevious Copyright Fee: GBP16.00$c2\0$e01-jan-2007$fGBP16.00$g0$hP$5Uk
=ACF  \\$aPrevious copyright fee: GBP13.00$c2\0$e06-may-2005$fGBP13.00$g0$hP$5Uk
=ACF  \\$aPrevious copyright fee: GBP21.00$c2\0$e01-jan-2011$fGBP21.00$g0$hP$5Uk
=ACF  \\$aPrevious copyright fee: GBP23.00$c2\0$e01-jan-2012$fGBP23.00$g0$hP$5Uk
=ACF  \\$aPrevious copyright fee: GBP23.50$c2\0$e01-jan-2013$fGBP23.50$g0$hP$5Uk
=ACF  \\$aPrevious copyright fee: GBP24.00$c2\0$e01-jan-2014$fGBP24.00$g0$hP$5Uk
=ACF  \\$aPrevious copyright fee: GBP25.00$c2\0$e01-jan-2015$fGBP25.00$g0$hP$5Uk
=ACF  \\$aPrevious copyright fee: GBP26.00$c2\0$e01-jan-2016$fGBP26.00$g0$hP$5Uk
=ACF  \\$aPrevious copyright fee: GBP28.00$c2\0$e01-jan-2017$fGBP28.00$g0$hP$5Uk
=ACF  \\$aPrevious copyright fee: GBP30.00$c2\0$e01-jan-2018$fGBP30.00$g0$hP$5Uk
=ACF  \\$aPrevious copyright fee: GBP32.00$c2\0$e01-jan-2019$fGBP32.00$g0$hP$5Uk
=LAS  \\$aBATCH-FIX$b00$c20230511$lBLL01$h1629

