=LDR  04845cas a2201129 a 4500
=001  013758125
=003  Uk
=005  20211231154401.0
=006  m\\\\f\\\d\\\\\\\\
=007  cr\|||||||||||
=008  070604c20079999ne\qr\pso\\\\\0\\\a0eng\c
=FMT  \\$a  SE
=010  \\$a2007227622
=015  \\$aGBB258942$2bnb
=022  \\$a1878-0253$l1749-4613$y1749-4613$2j
=035  \\$a(OCoLC)137335240
=037  \\$aISSN_17494613$bPortico$nElsevier
=040  \\$aIPL$beng$cIPL$dMUQ$dEEM$dCUI$dGUA$dTXA$dOCLCQ$dUk
=042  \\$aukblsr
=050  14$aQK600$b.B622
=082  04$a579.505$223
=222  \0$aFungal biology reviews$b(Online)
=245  00$aFungal biology reviews$h[electronic resource].
=260  \\$a[Amsterdam] :$bElsevier ;$a[Kew, Surrey] :$bBritish Mycological Society,$cc2007-
=310  \\$aQuarterly
=336  \\$atext$2rdacontent
=337  \\$acomputer$2rdamedia
=338  \\$aonline resource$2rdacarrier
=362  1\$aBegan with v. 21, no. 1 (Feb. 2007).
=515  \\$aSome numbers issued in combined form.
=588  \\$aDescription based on first issue; title from PDF article caption (ScienceDirect, viewed Nov. 16, 2009).
=588  \\$aLatest issue consulted: Vol. 26, issue 1 (Apr. 2012) (ScienceDirect, viewed June 19, 2012).
=540  \\$aCurrent copyright fee: GBP34.30$c5\1$5Uk
=650  \0$aMycology$vPeriodicals.
=650  \0$aFungi$vPeriodicals.
=610  20$aBritish Mycological Society$vPeriodicals.
=610  26$aBritish Mycological Society$vPériodiques.
=650  \6$aMycologie$vPériodiques.
=650  \6$aChampignons$vPériodiques.
=655  \0$aElectronic journals.
=710  2\$aBritish Mycological Society.
=776  08$iPrint version:$tFungal biology reviews$x1749-4613
=780  00$tMycologist (Online)$x1474-0605
=859  \\$aELD$bejournal
=856  \\$31850-9999$uhttp://www.elsevier.com/journals$xBLDSS
=856  40$uhttp://www.sciencedirect.com/science/journal/17494613
=852  41$aBritish Library$bDSC$j4056.627250$3Volume 21:Issue 1(2007)-Volume 23:Issue 4(2009)***See ESTAR for full holdings.
=852  \\$aBritish Library$bDSC
=852  41$aBritish Library$bSTI$jELD Digital store$3Volume 29:Issue 1(2015)-***Previous issues available in print copy
=945  \\$aFungal biology reviews
=959  \\$fHeld but not currently received
=CAT  \\$a7174$b40$c20070531$lBLL01$h1434
=CAT  \\$aBATCH$b00$c20090101$lBLL01$h0232
=CAT  \\$aCDS08-UPD$b40$c20100926$lBLL01$h1956
=CAT  \\$aWR10_164$c20101215$lBLL01$h1511
=CAT  \\$aWR11_155$c20111021$lBLL01$h1325
=CAT  \\$aWR11_155$c20111114$lBLL01$h1646
=CAT  \\$aBATCH-UPD$b00$c20111123$lBLL01$h1853
=CAT  \\$aIPL-CLA$c20111230$lBLL01$h2027
=CAT  \\$a8124$b40$c20120619$lBLL01$h0852
=CAT  \\$a8124$b40$c20120619$lBLL01$h0854
=CAT  \\$aBATCH-CLA$b00$c20121109$lBLL01$h1725
=CAT  \\$aBATCH-UPD$b00$c20121121$lBLL01$h1659
=CAT  \\$aIPL-CLA$c20121231$lBLL01$h1323
=CAT  \\$aIPL-CLA$c20130102$lBLL01$h1752
=CAT  \\$aBATCH-CLA$b00$c20130526$lBLL01$h1701
=CAT  \\$aBLDSS-3PM$b00$c20141222$lBLL01$h1716
=CAT  \\$a10902$b40$c20150414$lBLL01$h0924
=CAT  \\$a8124$b40$c20150512$lBLL01$h0933
=CAT  \\$aBATCH-UPD$b40$c20160615$lBLL01$h0654
=CAT  \\$aBATCH-UPD$b40$c20171121$lBLL01$h1748
=CAT  \\$aW1711-1005$c20171206$lBLL01$h1820
=CAT  \\$aIPL-CLA$c20171231$lBLL01$h1706
=CAT  \\$aBATCH-UPD$b00$c20190521$lBLL01$h1439
=CAT  \\$aIPL-CLA$c20190630$lBLL01$h1538
=CAT  \\$aBATCH-UPD$b00$c20211119$lBLL01$h1556
=CAT  \\$aIPL-CLA$c20211231$lBLL01$h1544
=CFI  0\$aCurrent copyright fee: GBP34.30$c5\1$e01-jan-2022$fGBP34.30$g0$hP$5Uk
=CFI  2\$aPrevious copyright fee: GBP32.84$c5\1$e01-jul-2019$fGBP32.84$g0$hP$5Uk
=EST  \\$a1
=FFP  \\$aY$bBLDSS-3PM
=FIN  \\$aY$d20120619
=LET  \0$aFungal biology reviews (Electronic)
=LKR  \\$aPAR$b013309175$lBLL01$r776$mFungal biology reviews (Online)$nFungal biology reviews (Print)
=LKR  \\$aPAR$b013439152$lBLL01$r78000$mFungal biology reviews (Online)$nMycologist (Online)
=MNI  \\$a1749-4613
=SID  \\$aZ39$bOCLC
=TCO  \\$aCLA$bCLA$c008
=TCO  \\$aNLD$bSTICHTING REPRORECHT$c008
=TOC  \\$aETOC
=ACF  \\$aPrevious copyright fee: GBP19.00$c5\5$e01-jan-2008$fGBP19.00$g0$hP$5Uk
=ACF  \\$aPrevious Copyright Fee: GBP18.00$c5\5$e31-may-2007$fGBP18.00$g0$hP$5Uk
=ACF  \\$aPrevious copyright fee: GBP20.00$c5\1$e01-jan-2009$fGBP20.00$g0$hP$5Uk
=ACF  \\$aPrevious copyright fee: GBP21.00$c5\1$e01-jan-2012$fGBP21.00$g0$hP$5Uk
=ACF  \\$aPrevious copyright fee: GBP22.50$c5\1$e01-jan-2013$fGBP22.50$g0$hP$5Uk
=ACF  \\$aPrevious copyright fee: GBP23.40$c5\1$e01-jan-2018$fGBP23.40$g0$hP$5Uk
=LAS  \\$aIPL-CLA$b00$c20211231$lBLL01$h1544

