=LDR  05452cas a2201213 a 4500
=001  013945587
=003  Uk
=005  20211231154408.0
=006  m\\\\\o\\d\\\\\\\\
=007  cr\mnu||||||||
=008  000425c19269999enkbr\pso\\\\\0\\\a0eng\c
=FMT  \\$a  SE
=010  \\$a2007233327
=015  \\$aGBB415007$2bnb
=022  0\$a1469-7750$202
=035  \\$a(OCoLC)43927330$z(OCoLC)41884394
=037  3\$aISSN_00246107_2$bPortico$nWiley
=037  \\$ajlms$bOxford University Press
=037  2\$aISSN_00246107$bPortico$nOxford University Press
=040  \\$aF#A$beng$cF#A$dOCLCQ$dGUA$dEEM$dOCLCQ$dAGL$dOCLCQ$dOCLCF$dUk
=042  \\$aissnuk$aukblsr
=050  14$aQA1
=070  0\$aQA1$b.J68
=082  04$a510$223
=130  0\$aJournal of the London Mathematical Society (Online)
=210  0\$aJ. Lond. Math. Soc.$b(Online)
=222  \0$aJournal of the London Mathematical Society$b(Online)
=245  10$aJournal of the London Mathematical Society$h[electronic resource].
=260  \\$a[S.l.] :$bLondon Mathematical Society
=260  2\$aCambridge :$bCambridge University Press
=260  2\$32007-$aOxford :$bOxford University Press
=264  31$32017-$aOxford :$bpublished on behalf of the London Mathematical Society by John Wiley & Sons Ltd
=310  \\$aBimonthly
=336  \\$atext$2rdacontent
=337  \\$acomputer$2rdamedia
=338  \\$aonline resource$2rdacarrier
=362  1\$aBegan with v. 1, pt. 1 (Jan. 1926); first ser. ceased with v. 44, issue 1 (1969); second ser. began with vol. 1, no. 1 (1969).
=538  \\$aMode of access: World Wide Web.
=588  \\$aDescription based on first issue; title from contents screen (Oxford Journals, viewed July 10, 2007).
=588  \\$aLatest issue consulted: Volume 103, part 1 (January 2021) (viewed February 11, 2021).
=540  \\$aCurrent copyright fee: GBP39.00$c35\0$5Uk
=650  \0$aMathematics$vPeriodicals.
=650  \7$aMathematics.$2fast
=655  \7$aPeriodicals.$2fast
=710  2\$aLondon Mathematical Society.
=776  08$iPrint version:$tJournal of the London Mathematical Society$x0024-6107
=859  \\$aELD$bejournal
=856  \\$31850-9999$uhttp://ukcatalogue.oup.com/$xBLDSS
=856  40$uhttp://jlms.oxfordjournals.org/
=852  41$aBritish Library$bDSC$j4818.000000$3Volume 75:Issue 3(2007)-Volume 84:Issue 3(2011)***See ESTAR for full holdings.
=852  41$aBritish Library$bHMNTS$3Volume 87:Number 1(2012)-***Previous issues available in print copy
=945  \\$aJournal- London Mathematical Society
=959  \\$fHeld but not currently received
=CAT  \\$a7174$b40$c20070914$lBLL01$h1221
=CAT  \\$a8483$b40$c20140206$lBLL01$h1326
=CAT  \\$aBATCH-CLA$c20140225$lBLL01$h2331
=CAT  \\$aBATCH-UPD$b00$c20141124$lBLL01$h1811
=CAT  \\$aBLDSS-3PM$b00$c20141208$lBLL01$h1626
=CAT  \\$aIPL-CLA$c20141231$lBLL01$h1656
=CAT  \\$aBATCH-UPD$b00$c20151119$lBLL01$h1551
=CAT  \\$aIPL-CLA$c20151231$lBLL01$h1926
=CAT  \\$aBATCH-UPD$b00$c20160524$lBLL01$h1130
=CAT  \\$aBATCH-UPD$b00$c20160524$lBLL01$h2211
=CAT  \\$a5552$b40$c20161103$lBLL01$h0925
=CAT  \\$a6790$b40$c20161202$lBLL01$h1335
=CAT  \\$aIPL-CLA$c20161230$lBLL01$h2228
=CAT  \\$a5552$b40$c20170106$lBLL01$h0847
=CAT  \\$a10983$b40$c20170605$lBLL01$h1228
=CAT  \\$aW1711-1005$c20171206$lBLL01$h1820
=CAT  \\$aBATCH-UPD$b00$c20180219$lBLL01$h1750
=CAT  \\$aBATCH-UPD$b00$c20181121$lBLL01$h1623
=CAT  \\$aIPL-CLA$c20181231$lBLL01$h1546
=CAT  \\$a15005$b40$c20191014$lBLL01$h0939
=CAT  \\$aR1911-0245$c20191127$lBLL01$h0823
=CAT  \\$aR1911-0245$c20191127$lBLL01$h1045
=CAT  \\$aIPL-CLA$c20191231$lBLL01$h1950
=CAT  \\$a8124$b40$c20210211$lBLL01$h0835
=CAT  \\$aW2111-0842$c20211208$lBLL01$h1942
=CAT  \\$aIPL-CLA$c20211231$lBLL01$h1544
=CFI  0\$aCurrent copyright fee: GBP39.00$c35\0$e01-jan-2022$fGBP39.00$g0$hP$5Uk
=CFI  2\$aPrevious Copyright Fee: GBP32.00$c35\0$e01-jan-2020$fGBP32.00$g0$hP$5Uk
=EST  \\$a1
=FFP  \\$aY$bBLDSS-3PM
=FIN  \\$aY$d20140206
=LEO  \\$aMP22.0000063626
=LET  \0$aJournal of the London Mathematical Society (Electronic)
=LKR  \\$aPAR$b012097661$lBLL01$r776$mJournal of the London Mathematical Society (Online)$nJournal of the London Mathematical Society (Print)
=MNI  \\$a0024-6107
=SID  \\$aZ39$bOCLC
=SRC  \\$aISN01$bbibmp22.200404.2.aa
=TCO  \\$aCLA$bCLA$c008
=TOC  \\$aETOC
=UNO  \\$aY
=ACF  \\$aCurrent copyright fee: GBP18.00$c29\0$e01-jan-2008$fGBP18.00$g0$hP$5Uk
=ACF  \\$aPrevious Copyright Fee: GBP16.00$c29\0$e14-sep-2007$fGBP16.00$g0$hP$5Uk
=ACF  \\$aCurrent copyright fee: GBP16.00$c29\0$e18-nov-2008$fGBP16.00$g0$hP$5Uk
=ACF  \\$aPrevious copyright fee: GBP18.00$c29\0$e24-mar-2011$fGBP18.00$g0$hP$5Uk
=ACF  \\$aPrevious copyright fee: GBP20.00$c29\0$e01-jan-2013$fGBP20.00$g0$hP$5Uk
=ACF  \\$aPrevious copyright fee: GBP23.00$c29\0$e01-jan-2015$fGBP23.00$g0$hP$5Uk
=ACF  \\$aPrevious Copyright Fee: GBP12.30$c0$e01-jan-2017$fGBP12.30$g0$hA$5Uk
=ACF  \\$aPrevious copyright fee: GBP24.00$c29\0$e01-jan-2016$fGBP24.00$g0$hP$5Uk
=ACF  \\$aPrevious Copyright Fee: GBP24.00$c35\0$e06-jan-2017$fGBP24.00$g0$hP$5Uk
=ACF  \\$aPrevious copyright fee: GBP28.00$c35\0$e01-jan-2019$fGBP28.00$g0$hP$5Uk
=LAS  \\$aIPL-CLA$b00$c20211231$lBLL01$h1544

